
@Book{xie2015,
  title = {Dynamic Documents with {R} and knitr},
  author = {Yihui Xie},
  publisher = {Chapman and Hall/CRC},
  address = {Boca Raton, Florida},
  year = {2015},
  edition = {2nd},
  note = {ISBN 978-1498716963},
  url = {http://yihui.name/knitr/},
}

@article{Anderson08,author ={Chris Anderson},
  title ={The end of theory: The data deluge makes the scientific method   obsolete},
  journal ={Wired magazine},
  volume ={16},
  year ={2008},
  number ={7},
  pages ={16--07},
  howpublished ={Available at\url{https://www.wired.com/2008/06/pb-theory/}}
  }
